@misc{claude3,
	title={Introducing the next generation of Claude},
	author={Anthropic},
	year={2024},
	url={https://www.anthropic.com/news/claude-3-family}
}
@techreport{bsi,
	title        = {Cryptographic Mechanisms: Recommendations and Key Lengths},
	author       = {{Federal Office for Information Security (BSI)}},
	institution  = {Federal Office for Information Security (BSI)},
	year         = {2025},
	number       = {TR-02102-1},
	url          = {https://www.bsi.bund.de/SharedDocs/Downloads/EN/BSI/Publications/TechGuidelines/TG02102/BSI-TR-02102-1.pdf?__blob=publicationFile},
	note         = {Version 2025-01, Technical Guideline}
}
@techreport{tls_rfc,
	author       = {Eric Rescorla},
	title        = {The Transport Layer Security (TLS) Protocol Version 1.3},
	howpublished = {Internet Requests for Comments},
	type         = {RFC},
	number       = {8446},
	year         = {2018},
	month        = aug,
	publisher    = {RFC Editor},
	institution  = {Internet Engineering Task Force},
	url          = {https://www.rfc-editor.org/rfc/rfc8446.html},
	doi          = {10.17487/RFC8446},
	note         = {Section 4.1.2}
}
@inproceedings{ding2019new,
	title        = {New Attacks on Lifted Unbalanced Oil Vinegar},
	author       = {Jintai Ding and Zheng Zhang and Joshua Deaton and Kurt Schmidt and FNU Vishakha},
	booktitle    = {Second NIST Post-Quantum Cryptography Standardization Conference},
	year         = {2019},
	month        = aug,
	address      = {Santa Barbara, CA, USA},
	url          = {https://csrc.nist.gov/CSRC/media/Events/Second-PQC-Standardization-Conference/documents/accepted-papers/ding-new-attacks-luov.pdf}
}
@misc{cryptoeprint:2004/222,
	author = {An Braeken and Christopher Wolf and Bart Preneel},
	title = {A Study of the Security of Unbalanced Oil and Vinegar Signature Schemes},
	howpublished = {Cryptology {ePrint} Archive, Paper 2004/222},
	year = {2004},
	url = {https://eprint.iacr.org/2004/222}
}
@misc{cryptoeprint:2009/483,
	author = {Jean-Charles Faugère and Ludovic Perret},
	title = {On the Security of {UOV}},
	howpublished = {Cryptology {ePrint} Archive, Paper 2009/483},
	year = {2009},
	url = {https://eprint.iacr.org/2009/483}
}
@INPROCEEDINGS{photo,
	author={Praveenbalaji, D. and Srinivas, R. and Roopa, S. and Suresh, M. and Gayathri, A.},
	booktitle={2020 6th International Conference on Advanced Computing and Communication Systems (ICACCS)}, 
	title={ID Photo Verification by Face Recognition}, 
	year={2020},
	volume={},
	number={},
	pages={1449-1453},
	keywords={Face;Face recognition;Feature extraction;Principal component analysis;Face detection;Cameras;Real-time systems;Biometrics;face recognition;principal component analysis;eigenfaces},
	doi={10.1109/ICACCS48705.2020.9074246}}
@misc{nist2005deswithdrawal,
	title        = {Announcing Approval of the Withdrawal of Federal Information Processing Standard (FIPS) 46-3, Data Encryption Standard (DES); FIPS 74, Guidelines for Implementing and Using the NBS Data Encryption Standard; and FIPS 81, DES Modes of Operation},
	author       = {{National Institute of Standards and Technology}},
	howpublished = {\url{https://www.govinfo.gov/content/pkg/FR-2005-05-19/pdf/05-9945.pdf}},
	note         = {Federal Register, Vol. 70, No. 96, pp. 28907–28908},
	year         = {2005},
	month        = may,
	day          = {19},
	publisher    = {Office of the Federal Register, National Archives and Records Administration},
}
