@misc{claude3,
	title={Introducing the next generation of Claude},
	author={Anthropic},
	year={2024},
	url={https://www.anthropic.com/news/claude-3-family}
}